@report{rfc6824,
  key={RFC6824},
  author={A. Ford and C. Raiciu and M. Handley and O. Bonaventure},
  title={{TCP} Extensions for Multipath Operation with Multiple Addresses},
  note={RFC 6824},
  year={2013},
  month={January},
  url={https://tools.ietf.org/html/rfc6824}
}

@Article{kim15,
author = {Dongkyun Kim and Joon-Min Gil},
title = {Reliable and Fault-Tolerant Software-Defined Network Operations Scheme for Remote {3D} Printing},
journal = {Journal of Electronic Materials},
year = {2015},
month = {March},
doi={10.1007/s11664-014-3548-9},
}

@InProceedings{lee01,
author = {Sung-Ju Lee},
title = {Split multipath routing with maximally disjoint paths in ad hoc networks},
booktitle = {IEEE International Conference on Communications 2001},
year = {2001},
doi = {10.1109/ICC.2001.937262},
}

@Article{cal04,
author = {Carlos T. Calafate},
title = {Mitigating the impact of mobility on {H.264} real-time video streams using multiple paths},
journal = {Journal of Communications and Networks},
year = {2004},
month = {December},
doi={10.1109/JCN.2004.6596839},
}

@InProceedings{oh09,
author = {S. Y. Oh and M. Gerla and A. Tiwari},
title = {Robust {MANET} routing using adaptive path redundancy and coding},
booktitle = {COMSNETS 2009},
year = {2009},
doi = {10.1109/COMSNETS.2009.4808861},
}

@InBook{bon13,
author = {Olivier Bonaventure and Janardhan Iyengar and Costin Raiciu},
title = {Recent Advances in Networking},
chapter = {Recent Advances in Reliable Transport Protocols},
publisher = {ACM SIGCOMM},
year = {2013},
month={August},
url={http://www.sigcomm.org/content/ebook},
}

@Article{paa14,
author = {Christoph Paasch and Olivier Bonaventure},
title = {Multipath {TCP}},
journal = {ACM Queue},
year = {2014},
month = {March},
url={https://queue.acm.org/detail.cfm?id=2591369},
}

@report{cor13,
  author={Jonathan Corbet},
  title={Multipath {TCP}: an overview},
  note={LWN.net},
  year={2013},
  month={March},
  url={https://lwn.net/Articles/544399/}
}

