@report{rfc6824,
  author={A. Ford and C. Raiciu and M. Handley and O. Bonaventure},
  title={{TCP} Extensions for Multipath Operation with Multiple Addresses},
  year={2013},
  month={January},
  url={https://tools.ietf.org/html/rfc6824}
}

@article{kim15,
year={2015},
issn={0361-5235},
journal={Journal of Electronic Materials},
volume={44},
number={3},
doi={10.1007/s11664-014-3548-9},
title={Reliable and Fault-Tolerant Software-Defined Network Operations Scheme for Remote {3D} Printing},
url={http://dx.doi.org/10.1007/s11664-014-3548-9},
publisher={Springer US},
keywords={3D printing; SDN; network operations; fault-tolerant; reliability},
author={Kim, Dongkyun and Gil, Joon-Min},
pages={804-814},
language={English}
}

@INPROCEEDINGS{lee01,
author={Sung-Ju Lee and Gerla, M.},
booktitle={IEEE International Conference on Communications, 2001},
title={Split multipath routing with maximally disjoint paths in ad hoc networks},
year={2001},
month={},
volume={10},
pages={3201-3205},
keywords={mobile radio;packet radio networks;protocols;telecommunication congestion control;telecommunication network routing;telecommunication traffic;QoS routing;control message overhead;data packets;distance vector algorithms;link-state algorithms;maximally disjoint paths;mobile wireless ad hoc networks;multiple routes;on-demand routing;per-packet allocation scheme;route recovery process;routing protocols;split multipath routing;traffic distribution;Ad hoc networks;Bandwidth;Communication system traffic control;Intelligent networks;Mobile communication;Packet radio networks;Routing protocols;Telecommunication traffic;Traffic control;Wireless networks},
doi={10.1109/ICC.2001.937262},}


@ARTICLE{cal04,
author={Calafate, Carlos T. and Malumbres, Manuel P. and Manzoni, Pietro},
journal={Journal of Communications and Networks},
title={Mitigating the impact of mobility on {H.264} real-time video streams using multiple paths},
year={2004},
month={Dec},
volume={6},
number={4},
pages={387-396},
keywords={Ad hoc networks;Dispersion;Mobile computing;Routing;Routing protocols;Streaming media;H.264;MANETs;multipath routing;video streaming},
doi={10.1109/JCN.2004.6596839},
ISSN={1229-2370},}


@INPROCEEDINGS{oh09,
author={Oh, S.Y. and Gerla, M. and Tiwari, A.},
booktitle={First International Conference on Communication Systems and Networks, 2009.},
title={Robust {MANET} routing using adaptive path redundancy and coding},
year={2009},
month={Jan},
pages={1-10},
keywords={ad hoc networks;channel coding;mobile radio;redundancy;telecommunication network routing;wireless channels;MANET routing;adaptive path redundancy;channel disruption;coding;network coding;radio channel;radio interference;Automatic repeat request;Error correction;Forward error correction;Interference;Mobile ad hoc networks;Network coding;Redundancy;Robustness;Routing;Telecommunication network reliability},
doi={10.1109/COMSNETS.2009.4808861},}


@InBook{bon13,
author = {Olivier Bonaventure and Janardhan Iyengar and Costin Raiciu},
title = {Recent Advances in Networking},
chapter = {Recent Advances in Reliable Transport Protocols},
publisher = {ACM SIGCOMM},
year = {2013},
month={August},
url={http://www.sigcomm.org/content/ebook},
}

@Article{paa14,
author = {Christoph Paasch and Olivier Bonaventure},
title = {Multipath {TCP}},
journal = {ACM Queue},
year = {2014},
month = {March},
url={https://queue.acm.org/detail.cfm?id=2591369},
}

@report{cor13,
  author={Jonathan Corbet},
  title={Multipath {TCP}: an overview},
  note={LWN.net},
  year={2013},
  month={March},
  url={https://lwn.net/Articles/544399/}
}

@misc{us7373543,
  title={Method and apparatus for uninterrupted packet transfer using replication over disjoint paths},
  author={Jain, B.N. and McCloghrie, K.},
  url={https://www.google.com/patents/US7373543},
  year={2008},
  month=may # "~13",
  publisher={Google Patents},
  note={US Patent 7,373,543}
}

